<record><leader>00000cas a2200000 a 4500</leader><controlfield tag="001">28987228</controlfield><controlfield tag="008">931012u1970uuuunyuuu ne      0    0spa c</controlfield><datafield ind1=" " ind2=" " tag="010"><subfield code="a">sn 93024028 </subfield></datafield><datafield ind1=" " ind2=" " tag="040"><subfield code="a">EYM</subfield><subfield code="b">eng</subfield><subfield code="c">EYM</subfield><subfield code="d">CNW</subfield><subfield code="d">OCLCQ</subfield><subfield code="d">OCLCO</subfield></datafield><datafield ind1=" " ind2=" " tag="012"><subfield code="i">9310</subfield></datafield><datafield ind1="1" ind2=" " tag="029"><subfield code="a">AU@</subfield><subfield code="b">000025849821</subfield></datafield><datafield ind1="0" ind2=" " tag="041"><subfield code="a">spaeng</subfield></datafield><datafield ind1=" " ind2=" " tag="042"><subfield code="a">pcc</subfield></datafield><datafield ind1=" " ind2=" " tag="043"><subfield code="a">n-us---</subfield><subfield code="a">nwpr---</subfield></datafield><datafield ind1=" " ind2=" " tag="090"><subfield code="a">AS23.N5</subfield><subfield code="b">M28</subfield></datafield><datafield ind1="0" ind2="0" tag="245"><subfield code="a">Maceta.</subfield></datafield><datafield ind1="1" ind2="3" tag="246"><subfield code="a">Rifle, can&#771;on y escopeta, nuestro pueblo se respeta y si no-- maceta</subfield></datafield><datafield ind1=" " ind2=" " tag="260"><subfield code="a">[S.l. :</subfield><subfield code="b">s.n.]</subfield></datafield><datafield ind1=" " ind2=" " tag="300"><subfield code="a">v. :</subfield><subfield code="b">ill. ;</subfield><subfield code="c">41 cm.</subfield></datafield><datafield ind1="0" ind2=" " tag="362"><subfield code="a">Vol. 1, no. 1 (Dec. 1970)-</subfield></datafield><datafield ind1=" " ind2=" " tag="500"><subfield code="a">Published by Puerto Rico Student Union in Bronx, N.Y., &lt;Mar. 1971-&gt;.</subfield></datafield><datafield ind1=" " ind2=" " tag="546"><subfield code="a">In Spanish and English.</subfield></datafield><datafield ind1=" " ind2="0" tag="650"><subfield code="a">Hispanic Americans</subfield><subfield code="x">Politics and government</subfield><subfield code="v">Newspapers.</subfield></datafield><datafield ind1=" " ind2="0" tag="650"><subfield code="a">Radicalism</subfield><subfield code="z">United States</subfield><subfield code="v">Newspapers.</subfield></datafield><datafield ind1=" " ind2="0" tag="650"><subfield code="a">Hispanic American students</subfield><subfield code="x">Political activity.</subfield></datafield><datafield ind1=" " ind2="0" tag="651"><subfield code="a">United States</subfield><subfield code="x">Politics and government</subfield><subfield code="y">1969-1974</subfield><subfield code="v">Newspapers.</subfield></datafield><datafield ind1=" " ind2="0" tag="651"><subfield code="a">Puerto Rico</subfield><subfield code="x">Politics and government</subfield><subfield code="y">1952-</subfield><subfield code="v">Newspapers.</subfield></datafield><datafield ind1=" " ind2=" " tag="752"><subfield code="a">United States</subfield><subfield code="b">New York</subfield><subfield code="c">New York</subfield><subfield code="d">Bronx.</subfield></datafield><datafield ind1=" " ind2=" " tag="850"><subfield code="a">MiU</subfield></datafield></record>